@article{Riemann1859,
  title={Ueber die Anzahl der Primzahlen unter einer gegebenen Gr{\"o}sse},
  author={Riemann, Bernhard},
  journal={Monatsberichte der Berliner Akademie},
  year={1859},
  pages={671--680}
}

@article{Shectman1984,
  title = {Metallic Phase with Long-Range Orientational Order and No Translational Symmetry},
  author = {Shechtman, D. and Blech, I. and Gratias, D. and Cahn, J. W.},
  journal = {Phys. Rev. Lett.},
  volume = {53},
  issue = {20},
  pages = {1951--1953},
  numpages = {0},
  year = {1984},
  month = {Nov},
  publisher = {American Physical Society},
  doi = {10.1103/PhysRevLett.53.1951},
  url = {https://link.aps.org/doi/10.1103/PhysRevLett.53.1951}
}

@article{VonMangoldt1895,
  title={{Zu Riemanns Abhandlung "Ueber die Anzahl der Primzahlen unter einer gegebenen Gr{\"o}sse"}},
  author={von Mangoldt, Hans},
  journal={Journal f{\"u}r die reine und angewandte Mathematik},
  volume={114},
  pages={255--305},
  year={1895}
}

@article{Weil,
  title={Sur les "formules explicites" de la th{\'e}orie des nombres premiers},
  author={Weil, Andr{\'e}},
  journal={Communications on Pure and Applied Mathematics},
  volume={3},
  number={3},
  pages={243--297},
  year={1950},
  publisher={Wiley Online Library}
}
@misc{Baez2013,
  author = {Baez, John},
  title = {Quasicrystals and the {Riemann} Hypothesis},
  year = {2013},
  url = {https://golem.ph.utexas.edu/category/2013/06/quasicrystals_and_the_riemann.html}
}

@article{Zhang2014,
  author = {Zhang, Yitang},
  title = {Bounded gaps between primes},
  journal = {Annals of Mathematics},
  volume = {179},
  number = {3},
  pages = {1121--1174},
  year = {2014},
  publisher = {Princeton University and the Institute for Advanced Study},
  doi = {10.4007/annals.2014.179.3.7}
}

@article{Selberg1956,
  author = {Selberg, Atle},
  title = {Harmonic analysis and discontinuous groups in weakly symmetric {Riemannian} spaces with applications to {Dirichlet} series},
  journal = {Journal of the Indian Mathematical Society},
  volume = {20},
  pages = {47--87},
  year = {1956}
}

@article{Dyson2009,
  author = {Dyson, Freeman},
  title = {Birds and Frogs},
  journal = {Notices of the AMS},
  volume = {56},
  number = {2},
  pages = {212--223},
  year = {2009},
  publisher = {American Mathematical Society}
}

@article{Varma2016,
  title = {Conduction in quasiperiodic and quasirandom lattices: Fibonacci, Riemann, and Anderson models},
  author = {Varma, V. K. and Pilati, S. and Kravtsov, V. E.},
  journal = {Phys. Rev. B},
  volume = {94},
  issue = {21},
  pages = {214204},
  numpages = {11},
  year = {2016},
  month = {Dec},
  publisher = {American Physical Society},
  doi = {10.1103/PhysRevB.94.214204},
  url = {https://link.aps.org/doi/10.1103/PhysRevB.94.214204}
}

@article{Selberg1947,
  author = {Selberg, Atle},
  title = {An Elementary Proof of the Prime-Number Theorem},
  journal = {Annals of Mathematics},
  volume = {50},
  number = {2},
  pages = {305--313},
  year = {1947},
  publisher = {Annals of Mathematics},
  doi = {10.2307/1969020}
}

@article{Westzynthius1931,
  author = {Westzynthius, Erik},
  title = {Ãœber die {Verteilung} der {Zahlen}, die zu den n ersten {Primzahlen} teilerfremd sind},
  journal = {Commentationes Physico-Mathematicae},
  volume = {5},
  number = {25},
  pages = {1--37},
  year = {1931},
  publisher = {Societas Scientiarum Fennica}
}

@article{Erdos1950,
  author = {Erd{\H{o}}s, P. and Rankin, R. A.},
  title = {On the difference {$\pi(x + k) - \pi(x)$}},
  journal = {Proceedings of the London Mathematical Society},
  volume = {s3-1},
  number = {1},
  pages = {212--221},
  year = {1950},
  publisher = {London Mathematical Society},
  doi = {10.1112/plms/s3-1.1.212}
}
