\begin{verbatim}
@article{Riemann,
  author = {},
  title = {},
  journal = {},
  year = {},
  pages = {}
}

@article{Selberg,
  author = {},
  title = {},
  journal = {},
  volume = {},
  year = {},
  pages = {}
}

@article{Dyson,
  author = {},
  title = {},
  journal = {},
  volume = {},
  year = {},
  pages = {}
}

@article{Zhang,
  author = {},
  title = {},
  journal = {},
  volume = {},
  year = {},
  pages = {}
}

@article{Baez,
  author = {},
  title = {},
  journal = {},
  year = {},
  url = {}
}

@article{Shechtman1985,
  author = {},
  title = {},
  journal = {},
  volume = {},
  number = {},
  pages = {},
  year = {},
  publisher = {}
}

@article{Riemann1859,
  author = {},
  title = {},
  journal = {},
  year = {},
  pages = {}
}

@article{VonMangoldt1895,
  author = {},
  title = {},
  journal = {},
  volume = {},
  year = {},
  pages = {}
}

@book{Weil,
  author = {},
  title = {},
  publisher = {},
  year = {},
  pages = {}
}

@article{Varma2016,
  author = {},
  title = {},
  journal = {},
  volume = {},
  year = {},
  pages = {}
}

@book{PrimeSpacing,
  author = {},
  title = {},
  publisher = {},
  year = {}
}
\end{verbatim}

